<?xml version = "1.0" encoding = "UTF-8"?><OAI-PMH xmlns="http://www.openarchives.org/OAI/2.0/" xmlns:xsi="http://www.w3.org/2001/XMLSchema-instance" xsi:schemaLocation="http://www.openarchives.org/OAI/2.0/ http://www.openarchives.org/OAI/2.0/OAI-PMH.xsd"><ListRecords><record><header><identifier>aleph-publish:003057443</identifier></header><metadata><record xmlns="http://www.ddb.de/professionell/mabxml/mabxml-1.xsd"><leader>00455vM2.01200024------h</leader><controlfield tag="LDR">00455vM2.01200024------h</controlfield><controlfield tag="FMT">MH</controlfield><datafield tag="001" ind1="-" ind2="1"><subfield code="a">HT007847893</subfield></datafield><datafield tag="002" ind1="a" ind2="1"><subfield code="a">19980105</subfield></datafield><datafield tag="025" ind1="o" ind2="1"><subfield code="a">1071256649</subfield></datafield><controlfield tag="030">e|1uc||||||17</controlfield><datafield tag="036" ind1="a" ind2="1"><subfield code="a">IT</subfield></datafield><controlfield tag="050">a|||||||||||||</controlfield><controlfield tag="051">m|||||||</controlfield><datafield tag="070" ind1="-" ind2="1"><subfield code="a">HBZ/Off</subfield></datafield><datafield tag="078" ind1="o" ind2="1"><subfield code="a">retro</subfield></datafield><datafield tag="080" ind1="-" ind2="1"><subfield code="a">50</subfield></datafield><datafield tag="100" ind1="-" ind2="1"><subfield code="p">Bacchylides</subfield><subfield code="d">v516-v451</subfield><subfield code="9">(DE-588)118506080</subfield></datafield><datafield tag="101" ind1="-" ind2="1"><subfield code="p">Bacchylides</subfield><subfield code="c">Lyricus</subfield><subfield code="d">v516-v451</subfield></datafield><datafield tag="101" ind1="-" ind2="1"><subfield code="p">Bakchylides</subfield><subfield code="c">Neffe des Simonides</subfield><subfield code="d">v516-v451</subfield></datafield><datafield tag="101" ind1="-" ind2="1"><subfield code="p">Bakchylides</subfield><subfield code="c">Chorlyriker</subfield><subfield code="d">v516-v451</subfield></datafield><datafield tag="101" ind1="-" ind2="1"><subfield code="p">Bacchylide</subfield><subfield code="c">de Kéos</subfield><subfield code="d">v516-v451</subfield></datafield><datafield tag="101" ind1="-" ind2="1"><subfield code="p">Bacchylide</subfield><subfield code="c">de Céos</subfield><subfield code="d">v516-v451</subfield></datafield><datafield tag="101" ind1="-" ind2="1"><subfield code="p">Bakchylidēs</subfield><subfield code="d">v516-v451</subfield></datafield><datafield tag="101" ind1="-" ind2="1"><subfield code="p">Bakchylides</subfield><subfield code="d">v516-v451</subfield></datafield><datafield tag="101" ind1="-" ind2="1"><subfield code="p">Bacchylides</subfield><subfield code="c">Ceus</subfield><subfield code="d">v516-v451</subfield></datafield><datafield tag="101" ind1="-" ind2="1"><subfield code="p">Bakchylides</subfield><subfield code="c">von Keos</subfield><subfield code="d">v516-v451</subfield></datafield><datafield tag="101" ind1="-" ind2="1"><subfield code="p">Bacchilide</subfield><subfield code="d">v516-v451</subfield></datafield><datafield tag="101" ind1="-" ind2="1"><subfield code="p">Baquilides</subfield><subfield code="d">v516-v451</subfield></datafield><datafield tag="101" ind1="-" ind2="1"><subfield code="p">Bacchilide</subfield><subfield code="c">di Ceo</subfield><subfield code="d">v516-v451</subfield></datafield><datafield tag="101" ind1="-" ind2="1"><subfield code="p">Bacchylide</subfield><subfield code="d">v516-v451</subfield></datafield><datafield tag="104" ind1="a" ind2="1"><subfield code="p">Pindarus</subfield><subfield code="d">ca. 522 oder 518 v. Chr.-446 v. Chr.</subfield><subfield code="9">(DE-588)118594427</subfield></datafield><datafield tag="105" ind1="-" ind2="1"><subfield code="p">Pindaros</subfield><subfield code="c">Chorlyriker</subfield><subfield code="d">ca. 522 oder 518 v. Chr.-446 v. Chr.</subfield></datafield><datafield tag="105" ind1="-" ind2="1"><subfield code="p">Pindar</subfield><subfield code="d">ca. 522 oder 518 v. Chr.-446 v. Chr.</subfield></datafield><datafield tag="105" ind1="-" ind2="1"><subfield code="p">Pindaros</subfield><subfield code="d">ca. 522 oder 518 v. Chr.-446 v. Chr.</subfield></datafield><datafield tag="105" ind1="-" ind2="1"><subfield code="p">Pindaros</subfield><subfield code="c">von Böotien</subfield><subfield code="d">ca. 522 oder 518 v. Chr.-446 v. Chr.</subfield></datafield><datafield tag="105" ind1="-" ind2="1"><subfield code="p">Pindaros</subfield><subfield code="c">von Kynoskephalai</subfield><subfield code="d">ca. 522 oder 518 v. Chr.-446 v. Chr.</subfield></datafield><datafield tag="105" ind1="-" ind2="1"><subfield code="p">Pindaros</subfield><subfield code="c">von Theben</subfield><subfield code="d">ca. 522 oder 518 v. Chr.-446 v. Chr.</subfield></datafield><datafield tag="105" ind1="-" ind2="1"><subfield code="p">Pindarus</subfield><subfield code="c">Boeotus</subfield><subfield code="d">ca. 522 oder 518 v. Chr.-446 v. Chr.</subfield></datafield><datafield tag="105" ind1="-" ind2="1"><subfield code="p">Pindarus</subfield><subfield code="c">Lyricus</subfield><subfield code="d">ca. 522 oder 518 v. Chr.-446 v. Chr.</subfield></datafield><datafield tag="105" ind1="-" ind2="1"><subfield code="p">Pindarus</subfield><subfield code="c">Iunior</subfield><subfield code="d">ca. 522 oder 518 v. Chr.-446 v. Chr.</subfield></datafield><datafield tag="105" ind1="-" ind2="1"><subfield code="p">Pindarus</subfield><subfield code="c">Junior</subfield><subfield code="d">ca. 522 oder 518 v. Chr.-446 v. Chr.</subfield></datafield><datafield tag="105" ind1="-" ind2="1"><subfield code="p">Pindare</subfield><subfield code="d">ca. 522 oder 518 v. Chr.-446 v. Chr.</subfield></datafield><datafield tag="105" ind1="-" ind2="1"><subfield code="p">Pindarus</subfield><subfield code="c">Thebanus</subfield><subfield code="d">ca. 522 oder 518 v. Chr.-446 v. Chr.</subfield></datafield><datafield tag="105" ind1="-" ind2="1"><subfield code="p">Pindaros</subfield><subfield code="c">Dichter</subfield><subfield code="d">ca. 522 oder 518 v. Chr.-446 v. Chr.</subfield></datafield><datafield tag="105" ind1="-" ind2="1"><subfield code="p">Pindaro</subfield><subfield code="d">ca. 522 oder 518 v. Chr.-446 v. Chr.</subfield></datafield><datafield tag="105" ind1="-" ind2="1"><subfield code="p">Pindare</subfield><subfield code="c">de Cynocéphales</subfield><subfield code="d">ca. 522 oder 518 v. Chr.-446 v. Chr.</subfield></datafield><datafield tag="105" ind1="-" ind2="1"><subfield code="p">Pindarus</subfield><subfield code="c">Lyricus Thebanus</subfield><subfield code="d">ca. 522 oder 518 v. Chr.-446 v. Chr.</subfield></datafield><datafield tag="105" ind1="-" ind2="1"><subfield code="p">Pindarus</subfield><subfield code="c">Boetus</subfield><subfield code="d">ca. 522 oder 518 v. Chr.-446 v. Chr.</subfield></datafield><datafield tag="105" ind1="-" ind2="1"><subfield code="p">Pyndarus</subfield><subfield code="d">ca. 522 oder 518 v. Chr.-446 v. Chr.</subfield></datafield><datafield tag="108" ind1="b" ind2="1"><subfield code="p">Sbordone, Francesco</subfield><subfield code="d">1911-1983</subfield><subfield code="9">(DE-588)121807878</subfield></datafield><datafield tag="109" ind1="-" ind2="1"><subfield code="p">Sbordone, Franciscus</subfield><subfield code="d">1911-1983</subfield></datafield><datafield tag="304" ind1="b" ind2="1"><subfield code="a">Carmina</subfield></datafield><datafield tag="331" ind1="-" ind2="1"><subfield code="a">Epinici di &lt;&lt;Bacchilide e Pindaro&gt;&gt;</subfield></datafield><datafield tag="359" ind1="-" ind2="1"><subfield code="a">testi per uso accademico. A cura di F[rancesco] Sbordone</subfield></datafield><datafield tag="410" ind1="-" ind2="1"><subfield code="a">Napoli</subfield></datafield><datafield tag="412" ind1="-" ind2="1"><subfield code="a">Libreria scientif. ed.</subfield></datafield><datafield tag="425" ind1="-" ind2="1"><subfield code="a">[1964]</subfield></datafield><datafield tag="425" ind1="a" ind2="1"><subfield code="a">1964</subfield></datafield><datafield tag="433" ind1="-" ind2="1"><subfield code="a">93 S. ; 8-o</subfield></datafield><controlfield tag="SYS">003057443</controlfield><datafield tag="LOW" ind1="-" ind2="1"><subfield code="a">Q1074</subfield></datafield><datafield tag="LOW" ind1="-" ind2="1"><subfield code="a">Q0001</subfield></datafield><datafield tag="088" ind1=" " ind2=" "><subfield code="a">5/21</subfield><subfield code="b">00063001</subfield><subfield code="c">A 607 5/10</subfield><subfield code="e">keine ILL</subfield></datafield><datafield tag="088" ind1=" " ind2=" "><subfield code="a">5</subfield><subfield code="b">00000000</subfield><subfield code="c">65/7293</subfield><subfield code="e">ILL Ausleihe</subfield></datafield></record></metadata></record></ListRecords></OAI-PMH>